@book
{
fraleigh, 
place={Hoboken, NJ}, 
edition={8th}, 
title={A first course in abstract algebra}, 
publisher={Pearson}, 
author={Fraleigh, John B. and Katz, Victor J. and Brand, Neil E.}, 
year={2021}
}

@book
{
gallian, 
place={Boca Raton, FL}, 
edition={10th}, 
title={Contemporary abstract algebra}, 
publisher={CRC, Taylor \& Francis Group}, 
author={Gallian, Joseph A.}, 
year={2021}
}

@book
{
nicholson, 
place={Hoboken, NJ}, 
edition={2nd}, 
title={Modern algebra with applications}, publisher={Wiley}, 
author={Gilbert, William J. and Nicholson, W. Keith}, 
year={2004}
}

@book{
hungerford,
author = {Hungerford, Thomas},
title = {Algebra},
publisher = {Springer New York},
year = {1980},
address = {New York, NY},
isbn = {978-1-4612-6101-8}
}

@Book{
dummit,
author = {Dummit, David},
title = {Abstract algebra},
publisher = {John Wiley \& Sons, Inc},
year = {2004},
address = {Hoboken, NJ},
isbn = {0-471-43334-9}
}